@article{strunk2006survey,
  title={A Survey of Tools for Model Checking and Model-Based Development},
  author={Strunk, Elisabeth A and Aiello, M Anthony and Knight, John C},
  year={2006}
}

@incollection{frappier2010comparison,
  title={Comparison of model checking tools for information systems},
  author={Frappier, Marc and Fraikin, Beno{\^\i}t and Chossart, Romain and Chane-Yack-Fa, Rapha{\"e}l and Ouenzar, Mohammed},
  booktitle={Formal Methods and Software Engineering},
  pages={581--596},
  year={2010},
  publisher={Springer}
}

@article{holzmann1997model,
  title={The model checker SPIN},
  author={Holzmann, Gerard J},
  journal={IEEE Transactions on software engineering},
  volume={23},
  number={5},
  pages={279--295},
  year={1997},
  publisher={IEEE Computer Society}
}
